@article{lundteigen08,
	Author = {Lundteigen, Mary Ann and Rausand, Marvin},
	Date-Added = {2011-06-16 13:34:45 +0200},
	Date-Modified = {2011-06-16 13:34:45 +0200},
	Journal = {Reliability Engineering and System Safety},
	Pages = {1208--1217},
	Title = {Spurious activation of safety instrumented systems in the oil and gas industry: Basic concepts and formulas},
	Volume = {93},
	Year = {2008}}

@book{rausand04,
	Address = {Hoboken, NJ},
	Author = {Rausand, Marvin and H{\o}yland, Arnljot},
	Date-Added = {2011-06-16 11:53:55 +0200},
	Date-Modified = {2011-06-16 11:55:09 +0200},
	Edition = {2nd},
	Publisher = {Wiley},
	Title = {System Reliability Theory: Models, Statistical Methods, and Applications},
	Year = {2004}}
	
@online{datatilsynet_welfare,
  author = {Datatilsynet},
  title = {{Velferdsteknologi}},
  url = {https://www.datatilsynet.no/Sektor/Helse-og-omsorg/Velferdsteknologi/},
  date = {2014-08-19}, 
  urldate = {2016-11-03}
}

@online{datatilsynet_privacy,
  author = {Datatilsynet},
  title = {{Innebygd personvern}},
  url = {https://www.datatilsynet.no/Teknologi/Innebygd-personvern/},
  urldate = {2016-11-03},
  date = {2015-03-15}
}

@online{helsedirektoratet_remote,
  author = {Helsedirektoratet},
  title = {Ny metode for avstandsoppfølging},
  url = {https://helsedirektoratet.no/nyheter/ny-metode-for-avstandsoppfolging},
  year = {2015}, 
  urldate = {2016-11-03}
}

@article{austad2016sensorer,
  title={Sensorer til st{\o}tte for avstandsoppf{\o}lging av kronisk syke},
  author={Austad, Hanne Opsahl and Liverud, Anders Erik and Strisland, Frode and Ausen, Dag and Reitan, Jarl},
  journal={SINTEF Rapport},
  year={2016},
  publisher={SINTEF}
}

@online{ehelse_hjertesvikt,
  author = {{Direktoratet for e-helse}},
  title = {{Hjertesvikt - symptomer og behandling}},
  url = {https://helsenorge.no/sykdom/hjerte-og-kar/hjertesvikt#Symptomer-på-hjertesvikt},
  year = {2015}, 
  urldate = {2016-11-03}
}

@report{regjeringen_hagen,
  author = {{NOU 2011: 11}},
  shortauthor = {{Hagen-utvalget}},
  location={Oslo},
  publisher={Departementenes servicesenter, Informasjonsforvaltning},
  title = {{Innovasjon i omsorg}},
  url = {https://www.regjeringen.no/no/dokumenter/nou-2011-11/id646812/},
  year = {2011},
  urldate = {2016-11-03}
}

@online{aws_works,
  author = {{Amazon Web Services}},
  title = {{How the AWS IoT Platform Works}},
  url = {https://aws.amazon.com/iot/how-it-works/},
  year = {2016},
  urldate = {2016-11-06}
}

@online{aws_sdks,
  author = {{Amazon Web Services}},
  title = {{AWS IoT Device SDK}},
  url = {https://aws.amazon.com/iot/sdk/},
  year = {2016},
  urldate = {2016-11-06}
}

@book{iot_legal,
	Author = {Weber, Rolf H. and Weber, Romana},
	Edition = {{2010 edition}},
	Publisher = {Springer},
	Title = {Internet of Things: Legal Perspectives},
	Year = {2010}
}

@article{welfare_ethical,
	Author = {Hofmann, Bjørn},
	Journal = {Science and Engineering Ethics},
	Pages = {389--406},
	Title = {Ethical Challenges with Welfare Technology: A Review of the Literature},
	Volume = {19},
	date = {2012-01-05},
	number = {2}
}

@online{iot_schneier_regulation,
  author = {Schneier, Bruce},
  title = {Regulation of the Internet of Things},
  url = {https://www.schneier.com/blog/archives/2016/11/regulation_of_t.html},
  date = {2016-11-10},
  urldate = {2016-11-14}
}

@article{iot_attack_ddos,
  author = {Peterson, Andrea},
  title = {Internet of Things compounded Friday’s hack of major websites},
  journaltitle = {The Washington Post},
  url = {https://www.washingtonpost.com/news/the-switch/wp/2016/10/21/someone-attacked-a-major-part-of-the-internets-infrastructure/},
  date = {2016-10-21},
  urldate = {2016-11-14}
}

@online{iot_mirai_botnet,
  author = {Zeifman, Igal and Bekerman, Dima and Herzberg, Ben},
  title = {{Breaking Down Mirai: An IoT DDoS Botnet Analysis}},
  url = {https://www.incapsula.com/blog/malware-analysis-mirai-ddos-botnet.html},
  date = {2016-10-26},
  urldate = {2016-11-15}
}

@article{iot_harvard_smart,
  author = {Porter, Michael E. and Heppelmann, James E.},
  title = {{How Smart, Connected Products Are Transforming Competition}},
  journaltitle = {Harvard Business Review},
  url = {https://hbr.org/2014/11/how-smart-connected-products-are-transforming-competition},
  month = {11},
  year = {2014},
  urldate = {2016-11-15}
}

@article{iot_harvard_smartcompanies,
  author = {Porter, Michael E. and Heppelmann, James E.},
  title = {{How Smart, Connected Products Are Transforming Companies}},
  journaltitle = {Harvard Business Review},
  url = {https://hbr.org/2015/10/how-smart-connected-products-are-transforming-companies},
  month = {11},
  year = {2015},
  urldate = {2016-11-15}
}

@techreport{rfc6455,
   author = "Fette, Ian and Melnikov, Alexey",
   shorthand = {RFC6455},
   title = "{The WebSocket Protocol}",
   howpublished = {Internet Requests for Comments},
   type = "{RFC}",
   number = 6455,
   issn = {2070-1721},
   url = {http://www.rfc-editor.org/info/rfc6455},
   institution = "{RFC Editor}",
   year = {2011},
   month = {december},
   urldate = {2016-11-17}
}

@book{softarch,
	Author = {Bass, Len and Clements, Paul and Kazman, Rick},
	Edition = {3rd},
	Publisher = {Addison-Wesley},
	Title = {Software Architecture in Practice},
	Year = {2013}
}

@online{aws_ec2_agreement,
  author = {{Amazon Web Services}},
  title = {Amazon EC2 Service Level Agreement},
  url = {https://aws.amazon.com/ec2/sla/},
  date = {2013-06-01},
  urldate = {2016-12-01}
}

@online{mqtt_standard,
  editor = {Banks, Andrew and Gupta, Rahul},
  title = {MQTT Version 3.1.1},
  url = {http://docs.oasis-open.org/mqtt/mqtt/v3.1.1/os/mqtt-v3.1.1-os.html},
  date = {2014-10-29},
  urldate = {2016-12-04}
}

@book{oates,
	Author = {Oates, Briony J},
	Publisher = {Sage Publications},
	Title = {Researching Information Systems and Computing},
	Year = {2006}}
	
@article{paper_nonfunc,
	Author = {Eckhardt, Jonas and Vogelsang, Andreas and Fernández, Daniel Méndez},
	Journal = {ICSE '16 Proceedings of the 38th International Conference on Software Engineering},
	Pages = {832--842},
	Title = {Are "non-functional" requirements really non-functional?: an investigation of non-functional requirements in practice},
	Year = {2016}}
	
@inproceedings{Eckhardt:2016:NRR:2884781.2884788,
 author = {Eckhardt, Jonas and Vogelsang, Andreas and Fern\'{a}ndez, Daniel M{\'e}ndez},
 title = {Are "Non-functional" Requirements Really Non-functional?: An Investigation of Non-functional Requirements in Practice},
 booktitle = {Proceedings of the 38th International Conference on Software Engineering},
 series = {ICSE '16},
 year = {2016},
 isbn = {978-1-4503-3900-1},
 location = {Austin, Texas},
 pages = {832--842},
 numpages = {11},
 url = {http://doi.acm.org/10.1145/2884781.2884788},
 doi = {10.1145/2884781.2884788},
 acmid = {2884788},
 publisher = {ACM},
 address = {New York, NY, USA},
 keywords = {classification, empirical studies, model-based development, non-functional requirements},
} 

@online{netflix_aws,
  author = {Izrailevsky, Yuru},
  title = {Completing the Netflix Cloud Migration},
  url = {https://media.netflix.com/en/company-blog/completing-the-netflix-cloud-migration},
  date = {2016-02-11},
  urldate = {2016-12-12}
}

@report{morgendagens_omsorg,
  author = {{Helse- og omsorgsdepartementet}},
  type={St.meld.},
  number={29 2012-2013},
  title = {{Morgendagens omsorg}},
  url = {https://www.regjeringen.no/no/dokumenter/meld-st-29-20122013/id723252/},
  date = {2013-04-19},
  urldate = {2016-12-12}
}

@online{continua_guidelines,
  author = {{PCHA}},
  title = {CONTINUA DESIGN GUIDELINES: FLEXIBLE IMPLEMENTATION FRAMEWORK FOR AUTHENTIC INTEROPERABILITY},
  url = {http://www.pchalliance.org/continua/products/design-guidelines},
  year = {2016}, 
  urldate = {2016-12-12}
}

@online{regjeringen_continua,
  author = {{Regjeringen}},
  title = {Standardisering av velferdsteknologi med Continua},
  url = {https://www.regjeringen.no/no/aktuelt/standardisering-av-velferdsteknologi-med-continua/id2356200/},
  date = {2014-12-18}, 
  urldate = {2016-12-13}
}

@online{oasis_amqp,
  author = {{OASIS Standard}},
  title = {OASIS Advanced Message Queuing Protocol (AMQP) Version 1.0},
  url = {http://docs.oasis-open.org/amqp/core/v1.0/os/amqp-core-overview-v1.0-os.html},
  date = {2012-10-29}, 
  urldate = {2016-12-04}
}

@online{srg_cloud,
  author = {{Synergy Research Group}},
  title = {Amazon Leads; Microsoft, IBM \& Google Chase; Others Trail},
  url = {https://www.srgresearch.com/articles/microsoft-google-and-ibm-charge-public-cloud-expense-smaller-providers},
  date = {2017-02-02},
  urldate = {2017-06-01}
}

@online{azure_sdks,
  author = {{Azure}},
  title = {Microsoft Azure IoT SDKs},
  url = {https://github.com/Azure/azure-iot-sdks},
  year = {2016}, 
  urldate = {2016-12-06}
}

@online{azure_security,
  author = {{Azure}},
  title = {Internet of Things security from the ground up},
  url = {https://docs.microsoft.com/en-us/azure/iot-hub/iot-hub-security-ground-up},
  year = {2016}, 
  urldate = {2016-12-03}
}

@online{azure_twins,
  author = {{Azure}},
  title = {Device twins},
  url = {https://docs.microsoft.com/en-us/azure/iot-hub/iot-hub-devguide-device-twins},
  date = {2016-09-30}, 
  urldate = {2016-12-01}
}

@online{azure_registry,
  author = {{Azure}},
  title = {Identity registry},
  url = {https://docs.microsoft.com/en-us/azure/iot-hub/iot-hub-devguide-identity-registry},
  date = {2016-09-30}, 
  urldate = {2016-12-13}
}

@online{azure_pricing,
  author = {{Azure}},
  title = {Priser for Azure IoT Hub},
  url = {https://azure.microsoft.com/nb-no/pricing/details/iot-hub/},
  year = {2016}, 
  urldate = {2016-12-06}
}

@online{aws_pricing,
  author = {{Amazon}},
  title = {AWS IoT Pricing},
  url = {https://aws.amazon.com/iot-platform/pricing/},
  year = {2016}, 
  urldate = {2016-11-24}
}

@online{helsami,
  author = {{Trondheim kommune}},
  title = {HelsaMi+},
  url = {https://www.trondheim.kommune.no/helsami/},
  date = {2016-11-29}, 
  urldate = {2016-12-07}
}

@online{helsehjemme,
  author = {{Helse Stavanger}},
  title = {helse@hjemme},
  url = {https://helse-stavanger.no/avdelinger/hode-og-halsklinikken/avdeling-for-rehabilitering/avdeling-for-fysikalsk-medisin-og-rehabilitering/seksjon-rehabilitering-eigersund/helsehjemme},
  date = {2016-11-04}, 
  urldate = {2016-12-08}
}

@report{dis20099241,
  title={Ergonomi for samhandling mellom menneske og system - Del 210: Menneskeorientert design for interaktive systemer},
  shortauthor={{ISO}},
  author={{International Organization for Standardization}},
  year={2010},
  url={http://www.standard.no/no/Nettbutikk/produktkatalogen/Produktpresentasjon/?ProductID=466417},
  urldate={2016-05-07},
  type={ISO/DIS},
  number={9421-210:2010}
}

@article{rojahn2016remote,
  title={Remote monitoring of chronic diseases: a landscape assessment of policies in four European countries},
  author={Rojahn, Katherine and Laplante, Suzanne and Sloand, James and Main, Claire and Ibrahim, Aftab and Wild, Janet and Sturt, Nicky and Areteou, Thelga and Johnson, K Ian},
  journal={PloS one},
  volume={11},
  number={5},
  pages={e0155738},
  year={2016},
  publisher={Public Library of Science},
  url={https://www.ncbi.nlm.nih.gov/pmc/articles/PMC4873167/},
  urldate={2017-05-13}
}

@online{itu_iot,
  author = {ITU},
  title = {ITU-T Y.4000/Y.2060 (06/2012)},
  url = {http://www.itu.int/ITU-T/recommendations/rec.aspx?rec=y.2060},
  date = {2012-06-15},
  urldate = {2017-05-15}
}

@online{ehelse_mhelse,
  author = {{Direktoratet for e-helse}},
  title = {m-Helse},
  url = {https://ehelse.no/m-helse},
  date = {2016-05-31},
  urldate = {2017-05-30}
}

@online{regjeringen_innleggelse,
  author = {Regjeringen},
  title = {Tema: Sykehus. Ofte stilte spørsmål},
  url =
  {https://www.regjeringen.no/no/tema/helse-og-omsorg/sykehus/innsikt/nokkeltall-og-fakta---ny/ofte-stilte-sporsmal/id534086/},
  date = {2014-11-24},
  urldate = {2017-05-25}
}

@online{who_chronic,
  author = {{World Health Organization}},
  shortauthor = {WHO},
  title = {Chronic diseases and health promotion},
  url = {http://www.who.int/chp/en/},
  urldate = {2017-05-25}
}

@online{nasjonalforeningen,
  author = {{Nasjonalforeningen for folkehelsen}},
  title = {Hjertesvikt},
  url = {http://www.who.int/chp/en/},
  date = {2015-12-18},
  urldate = {2017-05-22}
}

@online{eewiki_ble,
  author = {Bon, Matthew},
  title = {A Basic Introduction to BLE Security},
  url = {https://eewiki.net/display/Wireless/A+Basic+Introduction+to+BLE+Security},
  date = {2015-10-25},
  urldate = {2017-05-12}
}

@MastersThesis{kols_idamille,
    author     =     {Hukkelås, Ida Mille},
    title     =     {Brukersentrert utvikling av IT-støtte for
oppfølging av KOLS pasienter -- en metodesammenligning},
    school     =     {\newline Norges teknisk-naturvitenskapelige universitet},
    address     =     {Trondheim, Norge },
    year     =     {2008},
}

@MastersThesis{kols_solberg,
    author     =     {Solberg, Øystein},
    title     =     {Alternativer for registrering av
pasientopplysninger i hjemmetjenesten -- En sammenligning av tre teknologier},
    school     =     {\newline Norges teknisk-naturvitenskapelige universitet},
    address     =     {Trondheim, Norge },
    year     =     {2009},
}

@online{aws_announcement,
  author = {{Amazon Web Services}},
  title = {Announcing AWS IoT, now in beta},
  url =
  {https://aws.amazon.com/about-aws/whats-new/2015/10/announcing-aws-iot-now-in-beta/},
  date = {2015-10-08},
  urldate = {2017-05-12}
}

@online{azure_announcement,
  author = {{Microsoft Azure}},
  title = {Microsoft Azure IoT Suite – Connecting Your Things to the Cloud},
  url =
  {https://azure.microsoft.com/en-us/blog/microsoft-azure-iot-suite-connecting-your-things-to-the-cloud/},
  date = {2015-11-09},
  urldate = {2017-05-19}
}

@article{ergoterapeuten_seniorer,
    author = {Sødal, Anne-Betty and Klungerbo, Bodil and Oldervoll, Line},
    title = {Åttiåringenes teknologibruk i Trondheim 2015},
    journal = {Ergoterapeuten},
    number = {4},
    year = {2016},
    url = {http://www.ergoterapeuten.no/fag-og-vitenskap/fagartikler},
    urldate = {2017-06-06}
}

@online{trondheim_infosenteret,
    author = {{Trondheim kommune}},
    title = {Helsefremmende og forebyggende hjemmebesøk ved 80 år},
    date = {2014-10-17},
    urldate = {2017-06-06},
    url = {https://www.trondheim.kommune.no/content/1117726214/Helsefremmende-og-forebyggende-hjemmebesok-ved-80-ar}
}

@online{regjeringen_behandlingsmetoder,
  author = {Regjeringen},
  title = {Nye digitale behandlingsmetoder for personer med kroniske sykdommer},
  url =
  {https://www.regjeringen.no/no/aktuelt/nye-digitale-behandlingsmetoder-for-personer-med-kroniske-sykdommer/id2414937/},
  date = {2015-06-04},
  urldate = {2017-06-09}
}

@report{oslo_visrapporten,
  author = {{Intro International og Arkitektur-og designhøgskolen i Oslo}},
  location={Oslo},
  title = {{Velferdsteknologi i sentrum -- Innføring av velferdsteknologi
  i sentrumsbydelene i Oslo, delleveranse 2 av 2 (Vis-rapporten)}},
  url = {https://helsedirektoratet.no/velferdsteknologi#-rapporter-og-utredninger},
  year = {2011},
  month = {April},
  urldate = {2017-05-03}
}

@online{trondheim_avstand,
  author = {{Trondheim kommune}},
  title = {Avstandsoppfølgning av personer med kronisk sykdom: HelsaMi+},
  url =
  {https://www.trondheim.kommune.no/content/1117753344/Avstandsoppfolgning-av-personer-med-kronisk-sykdom:-HelsaMi+},
  date = {2017-03-22},
  urldate = {2017-06-10}
}

@report{nonin_integration,
    author={{Nonin Medical, Inc.}},
    year={2016},
    title={Model 3230 Bluetooth Smart Pulse Oximeter Integration Guide
        and Specifications}
}

@online{datatilsynet_utlandet,
  author = {Datatilsynet},
  title = {{Overføring av personopplysninger til utlandet}},
  url = {https://www.datatilsynet.no/Regelverk/Internasjonalt/Overfoering/},
  date = {2016-07-13},
  urldate = {2017-06-12}
}

@online{youtube,
  author = {Drivenes, Andreas},
  title = {{Video av pulsoksymeter til masteroppgave på NTNU}},
  url = {https://www.youtube.com/watch?v=ALizPkFko9U},
  date = {2017-07-13},
  urldate = {2017-07-13}
}
